% - - - MEDICAL REFERENCES - - -

% early detection improves survival
@article{gareth2012early,
  title={Early diagnosis improves survival in kidney cancer},
  author={Gareth Lewis and Alexander P. Maxwell},
  journal={Practitioner},
  volume={256},
  number={1748},
  pages={13--16},
  year={2012}
}

% Kidney cancer statistics
@article{seer2017kidney,
  title={Kidney and Renal Pelvis Cancer},
  author={Surveillance, Epidemiology and End Results Program},
  url={https://seer.cancer.gov/statfacts/html/kidrp.html},
  year={2017},
  journal={National Cancer Institute}
}

% RCC is mostly asymptomatic
@inproceedings{lee2002mode,
  title={Mode of presentation of renal cell carcinoma provides prognostic information},
  author={Lee, Cheryl T and Katz, Jared and Fearn, Paul A and Russo, Paul},
  booktitle={Urologic Oncology: Seminars and Original Investigations},
  volume={7},
  number={4},
  pages={135--140},
  year={2002},
  organization={Elsevier}
}

% Incidental findings
@article{jayson1998increased,
  title={Increased incidence of serendipitously discovered renal cell carcinoma},
  author={Jayson, Mary and Sanders, Holt},
  journal={Urology},
  volume={51},
  number={2},
  pages={203--205},
  year={1998},
  publisher={Elsevier}
}
@article{luciani2000incidental,
  title={Incidental renal cell carcinoma? age and stage characterization and clinical implications: study of 1092 patients (1982--1997)},
  author={Luciani, Lorenzo G and Cestari, Roberto and Tallarigo, Carlo},
  journal={Urology},
  volume={56},
  number={1},
  pages={58--62},
  year={2000},
  publisher={Elsevier}
}
@article{homma1995increased,
  title={Increased incidental detection and reduced mortality in renal cancer?recent retrospective analysis at eight institutions},
  author={Homma, Yukio and Kawabe, Kazuki and Kitamura, Tadaichi and Nishimura, Yoji and Shinohara, Mitsuru and Kondo, Yasushi and Saito, Isao and Minowada, Shigeru and Asakage, Yasuyuki},
  journal={International journal of urology},
  volume={2},
  number={2},
  pages={77--80},
  year={1995},
  publisher={Wiley Online Library}
}

% CT is important
@article{doi2007computer,
  title={Computer-aided diagnosis in medical imaging: historical review, current status and future potential},
  author={Doi, Keepio},
  journal={Comput. Med. Imaging Graph.},
  volume={31},
  number={4},
  pages={198--211},
  year={2007},
  publisher={Elsevier}
}

% CT is common
@article{oecd2017stat,
  title={Health care utilisation},
  author={OECD},
  year={2017},
  journal={OECD Health Statistics (database)},
  url={/content/data/data-00542-en},
  DOI={http://dx.doi.org/10.1787/data-00542-en}
}

% The Kidney book
@book{taal2011brenner,
  title={Brenner and Rector's the Kidney},
  author={Taal, Maarten W and Chertow, Glenn M and Marsden, Philip A and Skorecki, Karl and Alan, SL and Brenner, Barry M},
  year={2011},
  publisher={Elsevier Health Sciences}
}

% - - - KIDNEY SEGMENTATION: FCN REFERENCES - - -

% 19 organs segmentation - 2D FCN + majority
@inproceedings{zhou2016three,
  title={Three-Dimensional CT Image Segmentation by Combining 2D Fully Convolutional Network with 3D Majority Voting},
  author={Zhou, Xiangrong and Ito, Takaaki and Takayama, Ryosuke and Wang, Song and Hara, Takeshi and Fujita, Hiroshi},
  booktitle={International Workshop on Large-Scale Annotation of Biomedical Data and Expert Label Synthesis},
  pages={111--120},
  year={2016},
  organization={Springer}
}

% FCN refined by a time-implicit multi-phase level-set algorithm - segmentation of liver, spleen and both kidneys
@article{hu2016automatic,
  title={Automatic abdominal multi-organ segmentation using deep convolutional neural network and time-implicit level sets},
  author={Hu, Peijun and Wu, Fa and Peng, Jialin and Bao, Yuanyuan and Chen, Feng and Kong, Dexing},
  journal={Int. J. Comput. Assist. Radiol. Surg.},
  pages={1--13},
  year={2016},
  publisher={Springer}
}

% liver and lesions segmentation - 2D FCN + CRF
@inproceedings{christ2016automatic,
  title={Automatic Liver and Lesion Segmentation in CT Using Cascaded Fully Convolutional Neural Networks and 3D Conditional Random Fields},
  author={Christ, Patrick Ferdinand and Elshaer, Mohamed Ezzeldin A and Ettlinger, Florian and Tatavarty, Sunil and Bickel, Marc and Bilic, Patrick and Rempfler, Markus and Armbruster, Marco and Hofmann, Felix and D'Anastasi, Melvin and others},
  booktitle={MICCAI},
  pages={415--423},
  year={2016},
  organization={Springer}
}

% liver segmentation - 3D FCN + CRF
@inproceedings{dou20163d,
  title={3d deeply supervised network for automatic liver segmentation from ct volumes},
  author={Dou, Qi and Chen, Hao and Jin, Yueming and Yu, Lequan and Qin, Jing and Heng, Pheng-Ann},
  booktitle={MICCAI},
  pages={149--157},
  year={2016},
  organization={Springer}
}

% kidney segmentation with CNN
@article{thong2016convolutional,
  title={Convolutional networks for kidney segmentation in contrast-enhanced CT scans},
  author={Thong, William and Kadoury, Samuel and Pich{\'e}, Nicolas and Pal, Christopher J},
  journal={Computer Methods in Biomechanics and Biomedical Engineering: Imaging \& Visualization},
  pages={1--6},
  year={2016},
  publisher={Taylor \& Francis}
}

% - - - KIDNEY SEGMENTATION : LITERATURE REFERENCES

% - - ATLAS BASED
@inproceedings{wolz2012multi,
  title={Multi-organ abdominal CT segmentation using hierarchically weighted subject-specific atlases},
  author={Wolz, Robin and Chu, Chengwen and Misawa, Kazunari and Mori, Kensaku and Rueckert, Daniel},
  booktitle={MICCAI},
  pages={10--17},
  year={2012},
  organization={Springer}
}
@inproceedings{chu2013multi,
  title={Multi-organ segmentation based on spatially-divided probabilistic atlas from 3D abdominal CT images.},
  author={Chu, Chengwen and Oda, Masahiro and Kitasaka, Takayuki and Misawa, Kazunari and Fujiwara, Michitaka and Hayashi, Yuichiro and Nimura, Yukitaka and Rueckert, Daniel and Mori, Kensaku},
  booktitle={MICCAI (2)},
  pages={165--172},
  year={2013}
}
@inproceedings{yang2014automatic,
  title={Automatic kidney segmentation in CT images based on multi-atlas image registration},
  author={Yang, Guanyu and Gu, Jinjin and Chen, Yang and Liu, Wangyan and Tang, Lijun and Shu, Huazhong and Toumoulin, Christine},
  booktitle={Engineering in Medicine and Biology Society (EMBC), 2014 36th Annual International Conference of the IEEE},
  pages={5538--5541},
  year={2014},
  organization={IEEE}
}

% - - SUPERVISED LEARNING
@inproceedings{cuingnet2012automatic,
  title={Automatic detection and segmentation of kidneys in 3D CT images using random forests},
  author={Cuingnet, R{\'e}mi and Prevost, Raphael and Lesage, David and Cohen, Laurent D and Mory, Beno{\^\i}t and Ardon, Roberto},
  booktitle={MICCAI},
  pages={66--74},
  year={2012},
  organization={Springer}
}
@article{glocker2012joint,
  title={Joint classification-regression forests for spatially structured multi-object segmentation},
  author={Glocker, Ben and Pauly, Olivier and Konukoglu, Ender and Criminisi, Antonio},
  journal={Computer Vision--ECCV 2012},
  pages={870--881},
  year={2012},
  publisher={Springer}
}
@article{criminisi2013regression,
  title={Regression forests for efficient anatomy detection and localization in computed tomography scans},
  author={Criminisi, Antonio and Robertson, Duncan and Konukoglu, Ender and Shotton, Jamie and Pathak, Sayan and White, Steve and Siddiqui, Khan},
  journal={Medical image analysis},
  volume={17},
  number={8},
  pages={1293--1303},
  year={2013},
  publisher={Elsevier}
}

% - - - CYST DETECTION REFERENCES - - -

% renal cysts detection and segmentation
@incollection{badura2016automatic,
  title={Automatic 3D Segmentation of Renal Cysts in CT},
  author={Badura, Pawel and Wieclawek, Wojciech and Pycinski, Bartlomiej},
  booktitle={Information Technologies in Medicine},
  pages={149--163},
  year={2016},
  publisher={Springer}
}

% semi-automatic
@inproceedings{battiato2009objective,
  title={Objective analysis of simple kidney cysts from CT images},
  author={Battiato, S and Farinella, GM and Gallo, G and Garretto, O and Privitera, C},
  booktitle={2009 IEEE International Workshop on Medical Measurements and Applications},
  pages={146--149},
  year={2009}
}

% fuzzy C-mean (cysts, but not only simple...)
@article{piao2015segmentation,
  title={Segmentation of cysts in kidney and 3-D volume calculation from CT images},
  author={Piao, Nanzhou and Kim, Jong-Gun and Park, Rae-Hong},
  journal={Int. J. Comput. Graph. Animation},
  volume={5},
  number={1},
  pages={1},
  year={2015},
  publisher={Academy \& Industry Research Collaboration Center (AIRCC)}
}

% - - - RENAL LESIONS DETECTION REFERENCES - - -

% semi-automatic #1 (lesions)
@inproceedings{summers2001helical,
  title={Helical CT of von Hippel-Lindau: semi-automated segmentation of renal lesions},
  author={Summers, Ronald M and Agcaoili, Cecily ML and McAuliffe, Matthew J and Dalal, Sarang S and Yim, Peter J and Choyke, Peter L and Walther, MM and Linehan, W Marston},
  booktitle={Image Processing, 2001. Proceedings. 2001 International Conference on},
  volume={2},
  pages={293--296},
  year={2001},
  organization={IEEE}
}

% semi-automatic #2 (lesions)
@article{linguraru2009renal,
  title={Renal tumor quantification and classification in contrast-enhanced abdominal CT},
  author={Linguraru, Marius George and Yao, Jianhua and Gautam, Rabindra and Peterson, James and Li, Zhixi and Linehan, W Marston and Summers, Ronald M},
  journal={Pattern recognition},
  volume={42},
  number={6},
  pages={1149--1161},
  year={2009},
  publisher={Elsevier}
}

% semi-automatic #3 (lesions)
@article{linguraru2011automated,
  title={Automated noninvasive classification of renal cancer on multiphase CT},
  author={Linguraru, Marius George and Wang, Shijun and Shah, Furhawn and Gautam, Rabindra and Peterson, James and Linehan, W Marston and Summers, Ronald M},
  journal={Medical physics},
  volume={38},
  number={10},
  pages={5738--5746},
  year={2011},
  publisher={American Association of Physicists in Medicine}
}

% 
@article{kim2004computer,
  title={Computer-aided detection of kidney tumor on abdominal computed tomography scans},
  author={Kim, D-Y and Park, J-W},
  journal={Acta radiologica},
  volume={45},
  number={7},
  pages={791--795},
  year={2004},
  publisher={Taylor \& Francis}
}

% Summers: shape priors ?
@article{liu2015computer,
  title={Computer-aided detection of exophytic renal lesions on non-contrast CT images},
  author={Liu, Jianfei and Wang, Shijun and Linguraru, Marius George and Yao, Jianhua and Summers, Ronald M},
  journal={Medical image analysis},
  volume={19},
  number={1},
  pages={15--29},
  year={2015},
  publisher={Elsevier}
}

% - - - MY METHODS : REFERENCES 

% U-Net
@inproceedings{ronneberger2015u,
  title={U-net: Convolutional networks for biomedical image segmentation},
  author={Ronneberger, Olaf and Fischer, Philipp and Brox, Thomas},
  booktitle={MICCAI},
  pages={234--241},
  year={2015},
  organization={Springer}
}

% MatConvNet
@inproceedings{vedaldi15matconvnet,
      author    = {A. Vedaldi and K. Lenc},
      title     = {MatConvNet -- Convolutional Neural Networks for MATLAB},
      booktitle = {Proceeding of the {ACM} Int. Conf. on Multimedia},
      year      = {2015},
  }

% tensorflow  
@misc{tensorflow2015-whitepaper,
title={ {TensorFlow}: Large-Scale Machine Learning on Heterogeneous Systems},
url={https://www.tensorflow.org/},
note={Software available from tensorflow.org},
author={
    Mart\'{\i}n~Abadi and
    Ashish~Agarwal and
    Paul~Barham and
    Eugene~Brevdo and
    Zhifeng~Chen and
    Craig~Citro and
    Greg~S.~Corrado and
    Andy~Davis and
    Jeffrey~Dean and
    Matthieu~Devin and
    Sanjay~Ghemawat and
    Ian~Goodfellow and
    Andrew~Harp and
    Geoffrey~Irving and
    Michael~Isard and
    Yangqing Jia and
    Rafal~Jozefowicz and
    Lukasz~Kaiser and
    Manjunath~Kudlur and
    Josh~Levenberg and
    Dan~Man\'{e} and
    Rajat~Monga and
    Sherry~Moore and
    Derek~Murray and
    Chris~Olah and
    Mike~Schuster and
    Jonathon~Shlens and
    Benoit~Steiner and
    Ilya~Sutskever and
    Kunal~Talwar and
    Paul~Tucker and
    Vincent~Vanhoucke and
    Vijay~Vasudevan and
    Fernanda~Vi\'{e}gas and
    Oriol~Vinyals and
    Pete~Warden and
    Martin~Wattenberg and
    Martin~Wicke and
    Yuan~Yu and
    Xiaoqiang~Zheng},
  year={2015},
}

% linear-time distance transform
@article{maurer2003linear,
  title={A linear time algorithm for computing exact Euclidean distance transforms of binary images in arbitrary dimensions},
  author={Maurer, Calvin R and Qi, Rensheng and Raghavan, Vijay},
  journal={IEEE Transactions on Pattern Analysis and Machine Intelligence},
  volume={25},
  number={2},
  pages={265--270},
  year={2003},
  publisher={IEEE}
}

% 2.5D patches
@inproceedings{roth2014new,
  title={A new 2.5 D representation for lymph node detection using random sets of deep convolutional neural network observations},
  author={Roth, Holger R and Lu, Le and Seff, Ari and Cherry, Kevin M and Hoffman, Joanne and Wang, Shijun and Liu, Jiamin and Turkbey, Evrim and Summers, Ronald M},
  booktitle={MICCAI},
  pages={520--527},
  year={2014},
  organization={Springer}
}

% lung nodules
@article{firmino2016computer,
  title={Computer-aided detection (CADe) and diagnosis (CADx) system for lung cancer with likelihood of malignancy},
  author={Firmino, Macedo and Angelo, Giovani and Morais, Higor and Dantas, Marcel R and Valentim, Ricardo},
  journal={Biomedical engineering online},
  volume={15},
  number={1},
  pages={2},
  year={2016},
  publisher={BioMed Central}
}